@article{goresky1983stratified,
  title={Stratified morse theory},
  author={Goresky, Mark and MacPherson, Robert},
  journal={Singularities},
  pages={517--533},
  year={1983},
  publisher={American Mathematical Society}
}

@book{schurmann2012topology,
  title={Topology of singular spaces and constructible sheaves},
  author={Sch{\"u}rmann, J{\"o}rg},
  volume={63},
  year={2012},
  publisher={Birkh{\"a}user}
}

@article{shende2019cluster,
  title={Cluster varieties from Legendrian knots},
  author={Shende, Vivek and Treumann, David and Williams, Harold and Zaslow, Eric},
  year={2019}
}

@article{shende2017legendrian,
  title={Legendrian knots and constructible sheaves},
  author={Shende, Vivek and Treumann, David and Zaslow, Eric},
  journal={Inventiones mathematicae},
  volume={207},
  number={3},
  pages={1031--1133},
  year={2017},
  publisher={Springer}
}

@book{kashiwara2013sheaves,
  title     = {Sheaves on Manifolds: With a Short History. Les débuts de la théorie des faisceaux},
  author    = {Masaki Kashiwara and Pierre Schapira},
  volume    = {292},
  year      = {2013},
  publisher = {Springer Science \& Business Media}
}

@incollection{etnyre2005legendrian,
  title={Legendrian and transversal knots},
  author={Etnyre, John B},
  booktitle={Handbook of knot theory},
  pages={105--185},
  year={2005},
  publisher={Elsevier}
}

@book{geiges2008introduction,
  title={An introduction to contact topology},
  author={Geiges, Hansj{\"o}rg},
  volume={109},
  year={2008},
  publisher={Cambridge University Press}
}

@article{drinfeld2004dg,
  title={DG quotients of DG categories},
  author={Drinfeld, Vladimir},
  journal={Journal of Algebra},
  volume={272},
  number={2},
  pages={643--691},
  year={2004},
  publisher={Elsevier}
}

@article{kashiwara1984riemann,
  title={The Riemann-Hilbert problem for holonomic systems},
  author={Kashiwara, Masaki},
  journal={Publications of the Research Institute for Mathematical Sciences},
  volume={20},
  number={2},
  pages={319--365},
  year={1984},
  publisher={Research Institute forMathematical Sciences}
}

@book{shepard1985cellular,
  title={A cellular description of the derived category of a stratified space},
  author={Shepard, Allen Dudley},
  year={1985},
  publisher={Brown University}
}

@article{nadler2009microlocal,
  title={Microlocal branes are constructible sheaves},
  author={Nadler, David},
  journal={Selecta Mathematica},
  volume={15},
  number={4},
  pages={563--619},
  year={2009},
  publisher={Springer}
}

@article{guillermou2012sheaf,
  title={Sheaf quantization of Hamiltonian isotopies and applications to nondisplaceability problems},
  author={Guillermou, St{\'e}phane and Kashiwara, Masaki and Schapira, Pierre},
  year={2012}
}

@article{boalch2015wild,
  title={Wild character varieties, points on the Riemann sphere and Calabi’s examples},
  author={Boalch, Philip},
  journal={arXiv preprint arXiv:1501.00930},
  year={2015}
}

@book{sibuya1975global,
  title={Global theory of a second order linear ordinary differential equation with a polynomial coefficient},
  author={Sibuya, Yasutaka},
  volume={18},
  year={1975},
  publisher={Elsevier}
}

@article{toen2014derived,
  title={Derived algebraic geometry},
  author={To{\"e}n, Bertrand},
  journal={EMS Surveys in Mathematical Sciences},
  volume={1},
  number={2},
  pages={153--240},
  year={2014}
}

@phdthesis{lurie2004derived,
  title={Derived algebraic geometry},
  author={Lurie, Jacob},
  year={2004},
  school={Massachusetts Institute of Technology}
}

@article{toen2009higher,
  title={Higher and derived stacks: a global overview},
  author={To{\"e}n, Bertrand},
  journal={Algebraic geometry—Seattle 2005. Part},
  volume={1},
  pages={435--487},
  year={2009}
}

@inproceedings{toen2004hag,
  title={From HAG to DAG: derived moduli stacks},
  author={To{\"e}n, Bertrand and Vezzosi, Gabriele},
  booktitle={Axiomatic, enriched and motivic homotopy theory},
  pages={173--216},
  year={2004},
  organization={Springer}
}

@article{toen2005homotopical,
  title={Homotopical algebraic geometry I: Topos theory},
  author={To{\"e}n, Bertrand and Vezzosi, Gabriele},
  journal={Advances in mathematics},
  volume={193},
  number={2},
  pages={257--372},
  year={2005},
  publisher={Elsevier}
}

@book{toen2008homotopical,
  title={Homotopical Algebraic Geometry II: Geometric Stacks and Applications: Geometric Stacks and Applications},
  author={To{\"e}n, Bertrand and Vezzosi, Gabriele},
  volume={2},
  year={2008},
  publisher={American Mathematical Soc.}
}